<record><leader>00000cas a22000007a 4500</leader><controlfield tag="001">17500268</controlfield><controlfield tag="008">880218d19351936lauwr ne      0    0eng d</controlfield><datafield ind1=" " ind2=" " tag="010"><subfield code="a">sn 88064115 </subfield></datafield><datafield ind1=" " ind2=" " tag="040"><subfield code="a">LNP</subfield><subfield code="b">eng</subfield><subfield code="c">LNP</subfield><subfield code="d">OCLCQ</subfield><subfield code="d">OCLCF</subfield><subfield code="d">OCLCO</subfield></datafield><datafield ind1="1" ind2=" " tag="029"><subfield code="a">AU@</subfield><subfield code="b">000025824178</subfield></datafield><datafield ind1=" " ind2=" " tag="042"><subfield code="a">msc</subfield></datafield><datafield ind1=" " ind2=" " tag="043"><subfield code="a">n-us-la</subfield></datafield><datafield ind1="0" ind2=" " tag="130"><subfield code="a">Kaplan journal (Kaplan, La. : 1935)</subfield></datafield><datafield ind1="1" ind2="0" tag="245"><subfield code="a">Kaplan journal.</subfield></datafield><datafield ind1=" " ind2=" " tag="260"><subfield code="a">Kaplan, La. :</subfield><subfield code="b">Floyd D. Edwards</subfield></datafield><datafield ind1=" " ind2=" " tag="310"><subfield code="a">Weekly</subfield></datafield><datafield ind1="0" ind2=" " tag="362"><subfield code="a">Vol. 1, no. 1 (Apr. 27, 1935)-v. 2, no. 7 (June 6, 1936).</subfield></datafield><datafield ind1=" " ind2="0" tag="651"><subfield code="a">Kaplan (La.)</subfield><subfield code="v">Newspapers.</subfield></datafield><datafield ind1=" " ind2="7" tag="655"><subfield code="a">Newspapers.</subfield><subfield code="2">fast</subfield><subfield code="0">(OCoLC)fst01423814</subfield></datafield><datafield ind1=" " ind2="7" tag="651"><subfield code="a">Louisiana</subfield><subfield code="z">Kaplan.</subfield><subfield code="2">fast</subfield><subfield code="0">(OCoLC)fst01226277</subfield></datafield><datafield ind1=" " ind2=" " tag="752"><subfield code="a">United States</subfield><subfield code="b">Louisiana</subfield><subfield code="c">Vermilion</subfield><subfield code="d">Kaplan.</subfield></datafield><datafield ind1="0" ind2="4" tag="785"><subfield code="t">Abbeville meridional</subfield><subfield code="g">June 13, 1936</subfield><subfield code="w">(DLC)sn 88064004</subfield></datafield></record>